<?xml version="1.0" encoding="UTF-8"?>
<collection xmlns:xsi="http://www.w3.org/2001/XMLSchema-instance" xsi:schemaLocation="http://www.loc.gov/MARC21/slim http://www.loc.gov/standards/marcxml/schema/MARC21slim.xsd" xmlns="http://www.loc.gov/MARC21/slim">
<record>
  <leader>00838cam a22002051  4500</leader>
  <controlfield tag="001">1204560</controlfield>
  <controlfield tag="003">NNC</controlfield>
  <controlfield tag="005">20130423230204.0</controlfield>
  <controlfield tag="008">921130s1955    ua            000 0 ara d</controlfield>
  <datafield tag="035" ind1=" " ind2=" ">
    <subfield code="a">(OCoLC)ocm27041014</subfield>
  </datafield>
  <datafield tag="035" ind1=" " ind2=" ">
    <subfield code="9">AGS7711CU</subfield>
  </datafield>
  <datafield tag="035" ind1=" " ind2=" ">
    <subfield code="a">(NNC)1204560</subfield>
  </datafield>
  <datafield tag="040" ind1=" " ind2=" ">
    <subfield code="a">ZCU</subfield>
    <subfield code="c">ZCU</subfield>
  </datafield>
  <datafield tag="100" ind1="1" ind2=" ">
    <subfield code="a">Ibn Rashīq al-Qayrawānī, al-Ḥasan,</subfield>
    <subfield code="d">-1064?</subfield>
  </datafield>
  <datafield tag="245" ind1="0" ind2="3">
    <subfield code="a">al-ʻUmdah fī maḥāsin al-shiʻr waʾādābihī wanaqdihī,</subfield>
    <subfield code="c">taʾlīf Abī ʻAlī al-Hasan ibn Rashīq al-Qayrawānī al-Azdī (390-456 min al-hijrah), ḥaqqaqahū wafaṣṣalahū waʻallaqa ʻalayhi Muḥammad Muḥyī-al-Dīn ʻAbd-al-Ḥamīd.</subfield>
  </datafield>
  <datafield tag="250" ind1=" " ind2=" ">
    <subfield code="a">[al-Ṭabʻah al-2.</subfield>
  </datafield>
  <datafield tag="260" ind1=" " ind2=" ">
    <subfield code="a">Miṣr,</subfield>
    <subfield code="b">al-Maktabah al-Tijārīyah al-Kubrā,</subfield>
    <subfield code="c">1955]</subfield>
  </datafield>
  <datafield tag="300" ind1=" " ind2=" ">
    <subfield code="a">2 v.</subfield>
  </datafield>
  <datafield tag="700" ind1="1" ind2=" ">
    <subfield code="a">ʻAbd al-Ḥamīd, Muḥammad Muḥyī al-Dīn.</subfield>
  </datafield>
  <datafield tag="955" ind1=" " ind2=" ">
    <subfield code="b">1002022788</subfield>
    <subfield code="d">off,glx</subfield>
    <subfield code="e">893.782 Ib554</subfield>
    <subfield code="v">v.2</subfield>
  </datafield>
</record>
</collection>